@preamble{"\providecommand{\noopsort}[1]{}"}

%%%%%%%%%%%%%%%%%%%%%%%%
% JOURNAL ABBREVIATIONS
%%%%%%%%%%%%%%%%%%%%%%%%
@STRING{ACP       = "Atmos.\ Chem.\ Phys."}
@STRING{AG        = "Acta\ Geophys."}
@STRING{AMS 	  = "Amer.\ Meteor.\ Soc."}
@STRING{AGU 	  = "Amer.\ Geophys.\ Union"}
@STRING{AIP 	  = "Amer. Inst. Phys."}
@STRING{ADGEO     = "Adv.\ Geosci."}
@STRING{AWR       = "Adv.\ Water\ Resour."}
@STRING{AFM       = "Agric.\ For.\ Meteor."}
@STRING{AM        = "Ann.\ Meteor."}
@STRING{AN        = "Astrophys.\ Norv."}					% Astrophysica Norvegica
@STRING{AE        = "Atmos.\ Environ."}
@STRING{AO        = "Atmos.--Ocean"}						% Atmosphere--Ocean, published by Canadian Meteorological Society (CMOS)
@STRING{AR        = "Atmos.\ Res."}							% Atmospheric Research
@STRING{ARFM      = "Annu.\ Rev.\ Fluid Mech."}
@STRING{AUMET     = "Aust.\ Meteor.\ Mag."}
@STRING{BAMS      = "Bull.\ Amer.\ Meteor.\ Soc."}
@STRING{BLM       = "Bound.-Layer\ Meteor."}
@STRING{CAP       = "Contrib.\ Atmos.\ Phys."}
@STRING{CC        = "Climate Change"}						% Climate Change 
@STRING{CCH       = "Climatic Change"}						% Climatic Change
@STRING{CDYN      = "Climate Dyn."}
@STRING{CHAOS     = "Chaos"}
@STRING{COL       = "Collier's"}
@STRING{CRS       = "Cont.\ Shelf Res."}
@STRING{DAO       = "Dyn.\ Atmos.\ Oceans"}
@STRING{ECO       = "Ecology"}
@STRING{EI        = "Earth Interact."}
@STRING{EFM       = "Environ.\ Fluid\ Mech."}               % Environmental Fluid Mechanics
@STRING{FES       = "Front.\ Environ.\ Sci."}               % Frontiers in Environmental Sciences
@STRING{GA        = "Geophysica"}							% Geophysica, published by Geophysical Society of Finland 
@STRING{GEOMAG    = "Geophys.\ Mag."}
@STRING{GN        = "Geophys.\ Norv."}						% Geophysica Norvegica
@STRING{GRL       = "Geophys.\ Res.\ Lett."}
@STRING{GEOINT    = "Geofis.\ Int."}						% Geofisica Internacional (Mexican journal -- vols. 3--5 contained proceedings from a hurricane conference
@STRING{GEOPUB    = "Geofys.\ Publ."}
@STRING{GPC       = "Global Planet.\ Change"}
@STRING{GMD       = "Geosci.\ Model\ Dev."}					% Geoscientific Model Developments
@STRING{HP        = "Health Phys."}
@STRING{IAOP      = "Izv.\ Atmos.\ Ocean.\ Phys.\ (Engl.\ Transl.)"}
@STRING{IJC       = "Int.\ J.\ Climatol."}
@STRING{IJHFF     = "Int.\ J.\ Heat\ Fluid\ Fl."}
@STRING{JAM       = "J.\ Appl.\ Meteor."}					% renamed to name below in 2006
@STRING{JAMC      = "J.\ Appl.\ Meteor.\ Climatol."}		% Journal of Applied Meteorology and Climatology (this journal used to be called the Journal of Applied Meteorology before 2006)
@STRING{JAS       = "J.\ Atmos.\ Sci."}
@STRING{JAOT      = "J.\ Atmos.\ Oceanic Technol."}
@STRING{JCAM      = "J.\ Climate Appl.\ Meteor."}			% from 1983--87, now JAMC
@STRING{JCLI      = "J.\ Climate"}
@STRING{JCP       = "J.\ Comput.\ Phys."}
@STRING{JCR       = "J.\ Coastal Res."}
@STRING{JFM       = "J.\ Fluid\ Mech."}
@STRING{JEM       = "J.\ Eng.\ Math."}						% Journal of Engineering Mathematics
@STRING{JGR       = "J.\ Geophys.\ Res."}
@STRING{JGRA      = "J.\ Geophys.\ Res.-Atmos."}
@STRING{JGRO      = "J.\ Geophys.\ Res.-Oceans"}
@STRING{JHM       = "J.\ Hydrometeor."}
@STRING{JMS       = "J.\ Mar.\ Syst."}
@STRING{JM        = "J.\ Meteor."}
@STRING{JMR       = "J.\ Mar.\ Res."}
@STRING{JMSJ      = "J.\ Meteor.\ Soc.\ Japan"}
@STRING{JPO       = "J.\ Phys.\ Oceanogr."}
@STRING{JOCEAN    = "J.\ Oceanogr."}						% Journal of Oceanography
@STRING{JOSA      = "J.\ Opt.\ Soc.\ Am."}					% Journal of Optical Society of America
@STRING{JOSJ      = "J.\ Oceanogr.\ Soc.\ Japan"}
@STRING{JSE       = "J.\ Struct.\ Eng."}					% Journal of Structural Engineering at ASCE
@STRING{JT        = "J.\ Turbul."}
@STRING{JTM       = "J.\ Tropical Meteor."}
@STRING{JWEIA     = "J.\ Wind Eng.\ Ind.\ Aerodyn."}
@STRING{MA        = "Meteor.\ Appl."}
@STRING{MAP       = "Meteor.\ Atmos.\ Phys."}
@STRING{METMON    = "Meteor.\ Monogr."}
@STRING{METZEIT   = "Meteor.\ Z."}
@STRING{MWL       = "Mar.\ Wea.\ Log"}
@STRING{MWR       = "Mon.\ Wea.\ Rev."}
@STRING{NAT       = "Nature"}
@STRING{NHR       = "Nat.\ Hazards Rev."}
@STRING{NWD       = "Natl.\ Weather Dig."}
@STRING{OA        = "Oceanol. Aeta"}
@STRING{OCEAN     = "Oceanography"}							% a quarterly journal of The Oceanography Society
@STRING{PAG       = "Pure Appl.\ Geophys."}
@STRING{PF        = "Phys.\ Fluids"}
@STRING{PHYSD     = "Physica D"}
@STRING{PMG       = "Pap.\ Meteor.\ Geophys."}				% Papers in Meteorology and Geophysics
@STRING{PNAS      = "Proc.\ Natl.\ Acad.\ Sci.\ (USA)"}
@STRING{PRE       = "Phys.\ Rev.\ E"}
@STRING{PRL       = "Phys.\ Rev.\ Lett."}
@STRING{PRSA      = "Proc.\ Roy.\ Soc."}
@STRING{PT        = "Phys.\ Today"}
@STRING{PTRS      = "Philos.\ Trans.\ Roy.\ Soc.\ London"}
@STRING{QJRMS     = "Quart.\ J.\ Roy.\ Meteor.\ Soc."}
@STRING{RGEO      = "Rev. Geophys."}
@STRING{SCI       = "Science"}
@STRING{SOLA      = "SOLA"}									% Scientific Online Letters on the Atmosphere
@STRING{TAGU      = "Eos, Trans.\ Amer.\ Geophys.\ Union"}
@STRING{TELLUS    = "Tellus"}
@STRING{TCFD      = "Theor.\ Comput.\ Fluid Dyn."}
@STRING{WEA       = "Weather"}
@STRING{WRR       = "Water\ Res.\ Research"}                % Water Resources Research
@STRING{WW        = "Weatherwise"}
@STRING{WF        = "Wea.\ Forecasting"}
@STRING{WMOB      = "WMO Bull."}

%%%%%%%%%%%%%%%%%%%%%%%%
% REFERENCES
%%%%%%%%%%%%%%%%%%%%%%%%

@conference{fedorovich2016,
  author       = {Fedorovich, Evgeni and Jeremy A. Gibbs and Alan Shapiro}, 
  title        = {{Idealized Numerical Simulations of Nocturnal Low-Level Jets Developing Over Gently Sloping Terrain}},
  booktitle    = {22nd Symposium on Boundary Layers and Turbulence},
  year         = 2016,
  address      = {Salt Lake City, UT},
  month        = {Jun.~20-24},
  organization = {American Meteorological Society},
  publisher    = {American Meteorological Society},
  url          = {https://ams.confex.com/ams/32AgF22BLT3BG/webprogram/Paper295560.html}
}

@article{gibbs2016,
author = {Gibbs, Jeremy A and Fedorovich, Evgeni and Maronga, Bj{\"o}rn and Wainwright, Charlotte E and Dr{\"o}se, Manuel},
title = {{Comparison of Direct and Spectral Methods for Evaluation of the Temperature Structure Parameter in Numerically Simulated Convective Boundary Layer Flows}},
journal = MWR,
year = {2016},
volume = {144},
number = {6},
pages = {2205--2214},
month = jun
}

%% Created using Papers on Wed, 09 Aug 2017.
%% http://papersapp.com/papers/

@article{Wainwright:2014fk,
author = {Wainwright, Charlotte E and Stepanian, Phillip M and Chilson, Phillip B and Palmer, Robert D and Fedorovich, Evgeni and Gibbs, Jeremy A},
title = {{A Time Series Sodar Simulator Based on Large-Eddy Simulation}},
journal = {Journal of Atmospheric and Oceanic Technology},
year = {2014},
volume = {31},
number = {4},
pages = {876--889},
month = apr
}

@article{Shapiro:2015ft,
author = {Shapiro, Alan and Fedorovich, Evgeni and Gibbs, Jeremy A},
title = {{An analytical verification test for numerically simulated convective flow above a thermally heterogeneous surface}},
journal = {Geoscientific Model Development},
year = {2015},
volume = {8},
number = {6},
pages = {1809--1819}
}

@article{Gibbs:2014jb,
author = {Gibbs, Jeremy A and Fedorovich, Evgeni},
title = {{Comparison of Convective Boundary Layer Velocity Spectra Retrieved from Large-Eddy-Simulation and Weather Research and Forecasting Model Data}},
journal = {Journal of Applied Meteorology and Climatology},
year = {2014},
volume = {53},
number = {2},
pages = {377--394},
month = feb
}

@article{Gibbs:2014if,
author = {Gibbs, Jeremy A and Fedorovich, Evgeni},
title = {{Effects of Temporal Discretization on Turbulence Statistics and Spectra in Numerically Simulated Convective Boundary Layers}},
journal = {Boundary-Layer Meteorology},
year = {2014},
volume = {153},
number = {1},
pages = {19--41},
month = jun
}

@article{Gibbs:2011dh,
author = {Gibbs, Jeremy A and Fedorovich, Evgeni and van Eijk, Alexander M J},
title = {{Evaluating Weather Research and Forecasting (WRF) model predictions of turbulent flow parameters in a dry convective boundary layer}},
journal = {Journal of Applied Meteorology and Climatology},
year = {2011},
volume = {50},
number = {12},
pages = {2429--2444}
}

@article{Bonin:2015fp,
author = {Bonin, Timothy A and Goines, David C and Scott, Aaron K and Wainwright, Charlotte E and Gibbs, Jeremy A and Chilson, Phillip B},
title = {{Measurements of the Temperature Structure-Function Parameters with a Small Unmanned Aerial System Compared with a Sodar}},
year = {2015},
volume = {155},
number = {3},
journal = BLM,
pages = {417--434},
month = feb
}

@article{Wainwright:2015fz,
author = {Wainwright, Charlotte E and Bonin, Timothy A and Chilson, Phillip B and Gibbs, Jeremy A and Fedorovich, Evgeni and Palmer, Robert D},
title = {{Methods for Evaluating the Temperature Structure-Function Parameter Using Unmanned Aerial Systems and Large-Eddy Simulation}},
journal = {Boundary-Layer Meteorology},
year = {2015},
volume = {155},
number = {2},
pages = {189--208},
month = jan
}

@article{Gibbs:2014dw,
author = {Gibbs, Jeremy A and Fedorovich, Evgeni and Shapiro, Alan},
title = {{Revisiting Surface Heat-Flux and Temperature Boundary Conditions in Models of Stably Stratified Boundary-Layer Flows}},
journal = {Boundary-Layer Meteorology},
year = {2014},
volume = {154},
number = {2},
pages = {171--187},
month = sep
}

@article{Gibbs:2016ga,
author = {Gibbs, Jeremy A and Fedorovich, Evgeni},
title = {{Sensitivity of turbulence statistics in the lower portion of a numerically simulated stable boundary layer to parameters of the Deardorff subgrid turbulence model}},
journal = {Quarterly Journal of the Royal Meteorological Society},
year = {2016},
volume = {142},
number = {698},
pages = {2205--2213},
month = may
}

@article{doi:10.1175/JAS-D-17-0013.1,
author = {Evgeni Fedorovich and Jeremy A. Gibbs and Alan Shapiro},
title = {Numerical study of nocturnal low-level jets over gently sloping terrain},
journal = {Journal of the Atmospheric Sciences},
volume = {0},
number = {0},
pages = {EOR},
year = {2017},
doi = {10.1175/JAS-D-17-0013.1},
}